<collection xmlns="http://www.loc.gov/MARC21/slim">
<record>
  <leader>00865nam0a2200229 i 450 </leader>
  <controlfield tag="001">IT\ICCU\CNCE\009418</controlfield>
  <controlfield tag="005">19981104000000.0</controlfield>
  <datafield tag="012" ind1=" " ind2=" ">
    <subfield code="a">t,um mit, nios rusi (C) 1587 (R)</subfield>
    <subfield code="2">fei</subfield>
  </datafield>
  <datafield tag="100" ind1=" " ind2=" ">
    <subfield code="a">19970101d1587        0itac0103    ba</subfield>
  </datafield>
  <datafield tag="101" ind1=" " ind2=" ">
    <subfield code="a">LAT</subfield>
  </datafield>
  <datafield tag="102" ind1=" " ind2=" ">
    <subfield code="a">IT</subfield>
  </datafield>
  <datafield tag="200" ind1="1" ind2=" ">
    <subfield code="a">Ad Sistum V pont. opt. max. quinta oratio. Fr. Victorij Carcani</subfield>
  </datafield>
  <datafield tag="210" ind1=" " ind2=" ">
    <subfield code="a">Vercellis</subfield>
    <subfield code="c">apud Franciscum Bonatum</subfield>
    <subfield code="d">1587</subfield>
  </datafield>
  <datafield tag="215" ind1=" " ind2=" ">
    <subfield code="a">\10! c.</subfield>
    <subfield code="d">fol</subfield>
  </datafield>
  <datafield tag="620" ind1=" " ind2=" ">
    <subfield code="a">IT</subfield>
    <subfield code="d">Vercelli</subfield>
  </datafield>
  <datafield tag="700" ind1=" " ind2="1">
    <subfield code="a">Carcani,</subfield>
    <subfield code="b">Vittorio</subfield>
    <subfield code="3">IT\ICCU\CNCA\002622</subfield>
  </datafield>
  <datafield tag="712" ind1="0" ind2="0">
    <subfield code="a">Bonati, Francesco</subfield>
    <subfield code="3">IT\ICCU\CNCT\000685</subfield>
    <subfield code="4">650</subfield>
  </datafield>
  <datafield tag="790" ind1=" " ind2="1">
    <subfield code="a">Carcano,</subfield>
    <subfield code="b">Vittorio</subfield>
    <subfield code="3">IT\ICCU\CNCA\028023</subfield>
    <subfield code="z">Carcani, Vittorio</subfield>
  </datafield>
  <datafield tag="790" ind1=" " ind2="1">
    <subfield code="a">Carcanus,</subfield>
    <subfield code="b">Victorius</subfield>
    <subfield code="3">IT\ICCU\CNCA\028024</subfield>
    <subfield code="z">Carcani, Vittorio</subfield>
  </datafield>
  <datafield tag="791" ind1="0" ind2="0">
    <subfield code="a">Bonatus, Franciscus</subfield>
    <subfield code="3">IT\ICCU\CNCT\004442</subfield>
    <subfield code="z">Bonati, Francesco</subfield>
  </datafield>
  <datafield tag="801" ind1=" " ind2="3">
    <subfield code="a">IT</subfield>
    <subfield code="b">ICCU</subfield>
    <subfield code="c">20201113</subfield>
  </datafield>
  <datafield tag="899" ind1=" " ind2=" ">
    <subfield code="a">Biblioteca civica. Padova</subfield>
    <subfield code="1">PD0090</subfield>
    <subfield code="2">PUV 55</subfield>
  </datafield>
</record>
</collection>
